@BOOK{di_paolo_2013,
	title = {Data Acquisition Systems From Fundamentals to Applied Design},
	publisher = {Springer New York, NY},
	author = {Maurizio Di Paolo Emilio},
	month = {March},
	year = {2013},
	edition = {1st},
}

@ARTICLE{Smith_2013,
	author = {Jones, A.~B. and Smith, J.~M.},
	title = {{A}rticle {T}itle},
	journal = {{J}ournal {T}itle},
	year = {2013},
	volume = {13},
	pages = {123-456},
	number = {52},
	month = {March},
	publisher = {Publisher}
}